
@article{zhang2016mars,
  title={MARS: an analytic framework of interface tracking via mapping and adjusting regular semialgebraic sets},
  author={Zhang, Qinghai and Fogelson, Aaron},
  journal={SIAM Journal on Numerical Analysis},
  volume={54},
  number={2},
  pages={530--560},
  year={2016},
  publisher={SIAM}
}

@article{zhang2018fourth,
  title={Fourth-and higher-order interface tracking via mapping and adjusting regular semianalytic sets represented by cubic splines},
  author={Zhang, Qinghai},
  journal={SIAM Journal on Scientific Computing},
  volume={40},
  number={6},
  pages={A3755--A3788},
  year={2018},
  publisher={SIAM}
}

@mastersthesis{PanThesis,
  title={三维界面追踪的线性MARS方法},
  author={潘瑛芝},
  school={浙江大学},
   year={2020}
}

%local Surface
@mastersthesis{ShaoThesis,
  title={$\mathbb{R}^D$空间中插值适定结点组的生成算法},
  author={邵浩楠},
  school={浙江大学},
   year={2020}
}


@book{schumaker2015spline,
  title={Spline functions: computational methods},
  author={Schumaker, Larry L},
  year={2015},
  publisher={SIAM}
}

@article{zhang2020boolean,
title={Boolean algebra of two-dimensional continua with arbitrarily complex topology},
author={Zhang, Qinghai and Li, Zhixuan},
journal={Mathematics of Computation},
volume={89},
number={325},
pages={2333--2364},
year={2020}
}


%smoothsurface
@article{gallier2012parametric,
  title={Parametric pseudo-manifolds},
  author={Gallier, Jean and Xu, Dianna and Siqueira, Marcelo},
  journal={Differential Geometry and its Applications},
  volume={30},
  number={6},
  pages={702--736},
  year={2012},
  publisher={Elsevier}
}
@article{siqueira2009new,
  title={A new construction of smooth surfaces from triangle meshes using parametric pseudo-manifolds},
  author={Siqueira, Marcelo and Xu, Dianna and Gallier, Jean and Nonato, Luis Gustavo and Morera, Dimas Mart{\'\i}nez and Velho, Luiz},
  journal={Computers \& Graphics},
  volume={33},
  number={3},
  pages={331--340},
  year={2009},
  publisher={Elsevier}
}

@inproceedings{vlachos2001curved,
  title={Curved PN triangles},
  author={Vlachos, Alex and Peters, J${\"o}$rg and Boyd, Chas and Mitchell, Jason L},
  booktitle={Proceedings of the 2001 symposium on Interactive 3D graphics},
  pages={159--166},
  year={2001}
}

@book{白正国2004黎曼几何初步,
  title={黎曼几何初步.第2版},
  author={白正国},
  address={北京},
  publisher={高等教育出版社},
  year={2004}
}

%yin set

@article{zhang2020boolean,
  title={Boolean algebra of two-dimensional continua with arbitrarily complex topology},
  author={Zhang, Qinghai and Li, Zhixuan},
  journal={Mathematics of Computation},
  volume={89},
  number={325},
  pages={2333--2364},
  year={2020}
}
